@misc{microsofttwofactor,
  author       = {Microsoft Corporation},
  title        = {Microsoft Entra-Multi-Faktor-Authentifizierung},
  year         = {2024},
  url          = {https://learn.microsoft.com/en-us/entra/identity/authentication/concept-mfa-howitworks},
  note         = {Version: 2024}
}

@misc{lifecycle,
  author    = {Tools4ever Informatik GmbH},
  title     = {Was ist der User Account Lifecycle?},
  year      = {2024},
  publisher = {Tools4ever Informatik GmbH},
  url       = {https://www.tools4ever.de/glossar/was-ist-der-user-account-lifecycle/},
}
